@inproceedings{ base1,
       author = "Stephen F. Siegel and Anastasia Mironova and George S. Avrunin and Lori A. Clarke",
       title = "Using model checking with symbolic execution to verify parallel numerical programs",
       year = "2006",
       month = "July",
       booktitle = "Proceedings of the 2006 international symposium on Software testing and analysis",
       pages = "157-168",
       organization = "ACM"
       }

@article{ base2,
	author = "Michael Balser and Christoph Duelli and Wolfgang Reif and Gerhard Schellhorn",
	title = "Verifying Concurrent Systems with Symbolic Execution",
	year = "2003",
	month = "March",
	day = "25",
	journal = "Journal of Logic and Computation"
}

@inproceedings{ base3,
	author = "Stefan Bucur and Vlad Ureche and Cristian Zamfir and George Candea",
	title = "Parallel Symbolic Execution for Automated Real-World Software Testing",
	year = "2011",
	month = "April",
	booktitle = "EuroSys '11 Proceedings of the sixth conference on Computer systems",
	pages = "183-198",
	organization = "ACM"
}


@techreport{ base4,
	author = "Koushik Sen and Gul Agha",
	title = "Concolic Testing of Multithreaded Programs and	Its Application to Testing Security Protocols",
	year = "2006",
	month = "January",
	number = "UIUCDCS-R-2006-2676",
	institution = "University of Illinois at Urbana-Champaign, USA"
}

@inproceedings{ base5,
	author = "Sarfraz Khurshid and Corina Pasareanu and Willem Visser",
	title = "Generalized Symbolic Execution for Model Checking and Testing",
	year = "2003",
	month = "April",
	booktitle = "Proceedings 9th International Conference on Tools and Algorithms for Construction and Analysis of Systems (TACAS)",
	pages = "553-568",
	volume = "2619"
}

@inproceedings{ base6,
	author = "Peter Collingbourne and Cristian Cadar and  Paul H. J. Kelly",
	title = "Symbolic crosschecking of floating-point and SIMD code",
	year = "2011",
	month = "April",
	booktitle = "EuroSys '11 Proceedings of the sixth conference on Computer systems",
	pages = "315-328",
	organization = "ACM"
}

@inproceedings{ base7,
	author = "Guodong Li and Peng Li and Geof Sawaya and Ganesh Gopalakrishnan and Indradeep Ghosh and Sreeranga P. Rajan",
	title = "GKLEE: concolic verification and test generation for GPUs",
	year = "2012",
	month = "February",
	booktitle = "PPoPP '12 Proceedings of the 17th ACM SIGPLAN symposium on Principles and Practice of Parallel Programming",
	pages = "215-224",
	organization = "ACM"
}

@inproceedings{ Musuvathi,
	author = "Madanlal Musuvathi and Shaz Qadeer and Thomas Ball and Gerard Basler and Piramanayagam Arumuga Nainar and  Iulian Neamtiu",
	title = "Finding and Reproducing Heisenbugs in Concurrent Programs",
	year = "2008",
	month = "February",
	booktitle = "OSDI",
	pages = "276-280",
	volume = "8"
}

@inproceedings{ iterativecontextbound,
	author = "Madan Musuvathi and Shaz Qadeer",
	title = "Iterative Context Bounding for Systematic Testing of
	Multithreaded Programs",
	year = "2007",
	booktitle = "Programming Language Design and Implementation",
	pages = "446â€“455",
	volume = "7"
}

@inproceedings{ klee,
	author = "Cristian Cadar and Daniel Dunbar and Dawson Engler",
	title = "Unassisted and Automatic Generation of High-Coverage Tests for Complex Systems Programs",
	year = "2008",
	month = "December",
	booktitle = "OSDI",
	pages = "209-224",
	volume = "8"
}

@manual { SPIN,
	title = "The SPIN MODEL CHECKER Primer and Reference Manual",
	author = "Gerard J. Holzmann",
	year = "2003",
	month = "September",
	publisher = "Addison-Wesley",
	isbn = "ISBN 0-321-22862-6"
}

@manual { opencv,
	title = "OpenCV API Reference",
	year = "2015",
	month = "April",
	day = "13",
	url = "http://docs.opencv.org/modules/refman.html"
}

@book{ dvc,
	title= "Online efficient predictive safety analysis of multithreaded programs",
	author= "Koushik Sen and Grigore Ro{\c{s}}u and Gul Agha",
	year= "2004",
	publisher= "Springer"
}

@article{ base2:14,
	author = "Leslie Lamport",
	title = "The temporal logic of actions",
	year = "1994",
	month = "May",
	day = "3",
	journal = "ACM Transactions on Programming Languages and Systems (TOPLAS)"
}

@book{ base2:15,
	title= "Temporal Verification of Reactive Systems -- Safety",
	author= "Zohar Manna and Amir Pnueli",
	year= "1995",
	publisher= "Springer"
}

@inproceedings{ korat,
	title="Korat: Automated testing based on Java predicates",
	author="Boyapati, Chandrasekhar and Khurshid, Sarfraz and Marinov, Darko",
	booktitle="ACM SIGSOFT Software Engineering Notes",
	volume="27",
	number="4",
	pages="123-133",
	year="2002",
	organization="ACM"
}

@inproceedings{pathfinder,
	title="Model checking programs",
	author="Brat, Guillaume and Havelund, Klaus and Park, SeungJoon and Visser, Willem",
	booktitle="IEEE International Conference on Automated Software Engineering (ASE)",
	pages="3-12",
	year="2000",
	organization="Citeseer"
}

@inproceedings{musuvathi2007iterative,
	title="Iterative context bounding for systematic testing of multithreaded programs",
	author="Musuvathi, Madanlal and Qadeer, Shaz",
	booktitle="ACM SIGPLAN Notices",
	volume="42",
	number="6",
	pages="446--455",
	year="2007",
	organization="ACM"
}

@unpublished{revpaper,
	author = "Ilya Migal",
	title = "Directed Symbolic Execution"
}

@inproceedings{ma2011directed,
	title="Directed symbolic execution",
	author="Ma, Kin-Keung and Phang, Khoo Yit and Foster, Jeffrey S and Hicks, Michael",
	booktitle="Proceedings of the 18th international conference on Static analysis",
	pages="95--111",
	year="2011",
	publisher="Springer"
}

@online{catg,
	title="CATG",
	date="14.06.2015",
	url="https://github.com/ksen007/janala2"
}

@inproceedings{llvm,
	author="Chris Lattner and Vikram Adve",
	title="LLVM: A Compilation Framework for Lifelong Program 
	analysis and Transformation",
	booktitle="CGO",
	address="San Jose, CA, USA",
	month="Mar",
	year="2004",
	pages="75--88",
}


@online{cuda,
	title="CUDA homepage",
	date="14.06.2015",
	url="http://www.nvidia.com/object/cuda_home_new.html"
}

@online{opencl,
	title="OpenCL Standard",
	date="14.06.2015",
	url="https://www.khronos.org/opencl/"
}

@article{dvcproof,
	title="Online efficient predictive safety analysis of multithreaded programs",
	author="Sen, Koushik and Ro{\c{s}}u, Grigore and Agha, Gul",
	journal="International Journal on Software Tools for Technology Transfer",
	volume=8,
	number=3,
	pages="248--260",
	year="2006",
	publisher="Springer"
}